<record><leader>00000cas a2200000 a 4500</leader><controlfield tag="001">50490539</controlfield><controlfield tag="008">020827c19879999iluwr ne      0   a0eng c</controlfield><datafield ind1=" " ind2=" " tag="010"><subfield code="a">sn2002060888</subfield></datafield><datafield ind1=" " ind2=" " tag="040"><subfield code="a">CVF</subfield><subfield code="b">eng</subfield><subfield code="c">CVF</subfield><subfield code="d">OCLCQ</subfield><subfield code="d">OCLCF</subfield><subfield code="d">OCLCO</subfield><subfield code="d">NVF</subfield></datafield><datafield ind1=" " ind2=" " tag="042"><subfield code="a">pcc</subfield></datafield><datafield ind1=" " ind2=" " tag="043"><subfield code="a">n-us-il</subfield></datafield><datafield ind1="0" ind2="0" tag="245"><subfield code="a">Southwest news-sun.</subfield></datafield><datafield ind1="1" ind2="0" tag="246"><subfield code="a">News-sun.</subfield></datafield><datafield ind1="3" ind2=" " tag="246"><subfield code="a">Southwest news sun</subfield></datafield><datafield ind1="3" ind2=" " tag="246"><subfield code="a">News sun</subfield></datafield><datafield ind1=" " ind2=" " tag="260"><subfield code="a">Libertyville, Ill. :</subfield><subfield code="b">Glenn W. Pfell,</subfield><subfield code="c">1987-</subfield></datafield><datafield ind1=" " ind2=" " tag="300"><subfield code="a">volumes</subfield></datafield><datafield ind1=" " ind2=" " tag="310"><subfield code="a">Weekly</subfield></datafield><datafield ind1="0" ind2=" " tag="362"><subfield code="a">Vol. 96, no. 8 (Dec. 10, 1987)-</subfield></datafield><datafield ind1=" " ind2="0" tag="651"><subfield code="a">Libertyville (Ill.)</subfield><subfield code="v">Newspapers.</subfield></datafield><datafield ind1=" " ind2="0" tag="651"><subfield code="a">Mundelein (Ill.)</subfield><subfield code="v">Newspapers.</subfield></datafield><datafield ind1=" " ind2="0" tag="651"><subfield code="a">Vernon Hills (Ill.)</subfield><subfield code="v">Newspapers.</subfield></datafield><datafield ind1=" " ind2="7" tag="651"><subfield code="a">Illinois</subfield><subfield code="z">Libertyville.</subfield><subfield code="2">fast</subfield><subfield code="0">(OCoLC)fst01226543</subfield></datafield><datafield ind1=" " ind2="7" tag="651"><subfield code="a">Illinois</subfield><subfield code="z">Mundelein.</subfield><subfield code="2">fast</subfield><subfield code="0">(OCoLC)fst01216117</subfield></datafield><datafield ind1=" " ind2="7" tag="651"><subfield code="a">Illinois</subfield><subfield code="z">Vernon Hills.</subfield><subfield code="2">fast</subfield><subfield code="0">(OCoLC)fst01204521</subfield></datafield><datafield ind1=" " ind2="7" tag="655"><subfield code="a">Newspapers.</subfield><subfield code="2">fast</subfield><subfield code="0">(OCoLC)fst01423814</subfield></datafield><datafield ind1=" " ind2=" " tag="752"><subfield code="a">United States</subfield><subfield code="b">Illinois</subfield><subfield code="c">Lake County</subfield><subfield code="d">Libertyville.</subfield></datafield><datafield ind1="0" ind2="4" tag="780"><subfield code="a">Independent-register (Libertyville, Ill.)</subfield><subfield code="w">(DLC)sn 93057167</subfield><subfield code="w">(OCoLC)28919203</subfield></datafield><datafield ind1="1" ind2=" " tag="029"><subfield code="a">AU@</subfield><subfield code="b">000024045056</subfield></datafield></record>